@manual{go-ethereum,
    title        = "Go implementation of the Ethereum protocol",
    address      = "https://github.com/ethereum/go-ethereum"
}

@manual{pow,
    title        = "Proof of Work",
    address      = "https://en.wikipedia.org/wiki/Proof\_of\_work"
}

@manual{poa,
    title        = "Proof of Authority",
    address      = "https://en.wikipedia.org/wiki/Proof\_of\_authority"
}

@manual{https,
    title        = "HTTP Over TLS",
    address      = "https://tools.ietf.org/html/rfc2818"
}

@manual{rpc,
    title        = "Remote Procedure Call",
    address      = "https://en.wikipedia.org/wiki/Remote\_procedure\_call"
}
